@ARTICLE{levy18,
   author = {{Levy}, R.~C. and {Bolatto}, A.~D. and {Teuben}, P. and {S{\'a}nchez}, S.~F. and 
	{Barrera-Ballesteros}, J.~K. and {Blitz}, L. and {Colombo}, D. and 
	{Garc{\'{\i}}a-Benito}, R. and {Herrera-Camus}, R. and {Husemann}, B. and 
	{Kalinova}, V. and {Lan}, T. and {Leung}, G.~Y.~C. and {Mast}, D. and 
	{Utomo}, D. and {van de Ven}, G. and {Vogel}, S.~N. and {Wong}, T.
	},
    title = "{The EDGE-CALIFA Survey: Molecular and Ionized Gas Kinematics in Nearby Galaxies}",
  journal = {\apj},
 keywords = {galaxies: ISM, galaxies: kinematics and dynamics, ISM: kinematics and dynamics, ISM: molecules },
     year = 2018,
    month = jun,
   volume = 860,
      eid = {92},
    pages = {92},
      doi = {10.3847/1538-4357/aac2e5},
   adsurl = {http://adsabs.harvard.edu/abs/2018ApJ...860...92L},
  adsnote = {Provided by the SAO/NASA Astrophysics Data System}
}

@article{kennicutt98a,
Adsnote = {Provided by the SAO/NASA Astrophysics Data System},
Adsurl = {http://adsabs.harvard.edu/abs/1998ARA%26A..36..189K},
Author = {{Kennicutt}, Jr., R.~C.},
Date-Added = {2016-11-01 20:37:40 +0000},
Date-Modified = {2016-11-01 20:37:47 +0000},
Doi = {10.1146/annurev.astro.36.1.189},
Eprint = {astro-ph/9807187},
Journal = {\araa},
Pages = {189-232},
Title = {{Star Formation in Galaxies Along the Hubble Sequence}},
Volume = 36,
Year = 1998,
Bdsk-Url-1 = {http://dx.doi.org/10.1146/annurev.astro.36.1.189}}

@article{kennicutt98b,
Adsnote = {Provided by the SAO/NASA Astrophysics Data System},
Adsurl = {http://adsabs.harvard.edu/abs/1998ApJ...498..541K},
Author = {{Kennicutt}, Jr., R.~C.},
Date-Added = {2016-11-01 20:38:01 +0000},
Date-Modified = {2016-11-01 20:38:05 +0000},
Doi = {10.1086/305588},
Eprint = {astro-ph/9712213},
Journal = {\apj},
Keywords = {GALAXIES: EVOLUTION, GALAXIES: ISM, GALAXIES: SPIRAL, GALAXIES: STELLAR CONTENT, GALAXIES: STARBURST, STARS: FORMATION, Galaxies: Evolution, Galaxies: ISM, Galaxies: Spiral, Galaxies: Starburst, Galaxies: Stellar Content, Stars: Formation},
Month = may,
Pages = {541-552},
Title = {{The Global Schmidt Law in Star-forming Galaxies}},
Volume = 498,
Year = 1998,
Bdsk-Url-1 = {http://dx.doi.org/10.1086/305588}}

@article{persic96,
	Adsnote = {Provided by the SAO/NASA Astrophysics Data System},
	Adsurl = {http://adsabs.harvard.edu/abs/1996MNRAS.281...27P},
	Author = {{Persic}, M. and {Salucci}, P. and {Stel}, F.},
	Doi = {10.1093/mnras/281.1.27},
	Eprint = {astro-ph/9506004},
	Journal = {\mnras},
	Keywords = {GALAXIES: KINEMATICS AND DYNAMICS, GALAXIES: SPIRAL, GALAXIES: STRUCTURE, DARK MATTER},
	Month = jul,
	Pages = {27-47},
	Title = {{The universal rotation curve of spiral galaxies - I. The dark matter connection}},
	Volume = 281,
	Year = 1996,
	Bdsk-Url-1 = {http://dx.doi.org/10.1093/mnras/281.1.27}}
	
	@ARTICLE{bolatto17,
   author = {{Bolatto}, A.~D. and {Wong}, T. and {Utomo}, D. and {Blitz}, L. and 
	{Vogel}, S.~N. and {S{\'a}nchez}, S.~F. and {Barrera-Ballesteros}, J. and 
	{Cao}, Y. and {Colombo}, D. and {Dannerbauer}, H. and {Garc{\'{\i}}a-Benito}, R. and 
	{Herrera-Camus}, R. and {Husemann}, B. and {Kalinova}, V. and 
	{Leroy}, A.~K. and {Leung}, G. and {Levy}, R.~C. and {Mast}, D. and 
	{Ostriker}, E. and {Rosolowsky}, E. and {Sandstrom}, K.~M. and 
	{Teuben}, P. and {van de Ven}, G. and {Walter}, F.},
    title = "{The EDGE-CALIFA Survey: Interferometric Observations of 126 Galaxies with CARMA}",
  journal = {\apj},
archivePrefix = "arXiv",
   eprint = {1704.02504},
 keywords = {galaxies: evolution, galaxies: ISM, ISM: molecules},
     year = 2017,
    month = sep,
   volume = 846,
      eid = {159},
    pages = {159},
      doi = {10.3847/1538-4357/aa86aa},
   adsurl = {http://adsabs.harvard.edu/abs/2017ApJ...846..159B},
  adsnote = {Provided by the SAO/NASA Astrophysics Data System}
}

@ARTICLE{Villanueva2017,
   author = {{Villanueva}, V. and {Ibar}, E. and {Hughes}, T.~M. and {Lara-L{\'o}pez}, M.~A. and 
	{Dunne}, L. and {Eales}, S. and {Ivison}, R.~J. and {Aravena}, M. and 
	{Baes}, M. and {Bourne}, N. and {Cassata}, P. and {Cooray}, A. and 
	{Dannerbauer}, H. and {Davies}, L.~J.~M. and {Driver}, S.~P. and 
	{Dye}, S. and {Furlanetto}, C. and {Herrera-Camus}, R. and {Maddox}, S.~J. and 
	{Micha{\l}owski}, M.~J. and {Molina}, J. and {Riechers}, D. and 
	{Sansom}, A.~E. and {Smith}, M.~W.~L. and {Rodighiero}, G. and 
	{Valiante}, E. and {van der Werf}, P.},
    title = "{VALES I: the molecular gas content in star-forming dusty H-ATLAS galaxies up to z = 0.35}",
  journal = {\mnras},
archivePrefix = "arXiv",
   eprint = {1705.09826},
 keywords = {ISM: lines and bands, galaxies: high-redshift, galaxies: ISM, infrared: galaxies, submillimetre: galaxies},
     year = 2017,
    month = oct,
   volume = 470,
    pages = {3775-3805},
      doi = {10.1093/mnras/stx1338},
   adsurl = {http://adsabs.harvard.edu/abs/2017MNRAS.470.3775V},
  adsnote = {Provided by the SAO/NASA Astrophysics Data System}
}
@ARTICLE{Richardson2000,
   author = {{Richardson}, D.~C. and {Quinn}, T. and {Stadel}, J. and {Lake}, G.
	},
    title = "{Direct Large-Scale N-Body Simulations of Planetesimal Dynamics}",
  journal = {\icarus},
     year = 2000,
    month = jan,
   volume = 143,
    pages = {45-59},
      doi = {10.1006/icar.1999.6243},
   adsurl = {http://adsabs.harvard.edu/abs/2000Icar..143...45R},
  adsnote = {Provided by the SAO/NASA Astrophysics Data System}
}

@ARTICLE{2018PhyEd..53e5003P,
       author = {{Pinochet}, Jorge and {Van Sint Jan}, Michael},
        title = "{Einstein ring: weighing a star with light}",
      journal = {Physics Education},
     keywords = {Physics - Popular Physics},
         year = 2018,
        month = Sep,
       volume = {53},
        pages = {055003},
          doi = {10.1088/1361-6552/aac7b9},
 primaryClass = {physics.pop-ph},
       adsurl = {https://ui.adsabs.harvard.edu/#abs/2018PhyEd..53e5003P},
      adsnote = {Provided by the SAO/NASA Astrophysics Data System}
}

